@article{gpolya1956,
	author   = {G. Polya},
	title    = {On Picture-Writing},
	journal  = {The American Mathematical Monthly, Dec., 1956, Vol. 63, No. 10, pp. 689-697},
	date     = {1956-12},
	keywords = {trusted},
}

@online{manim,
  author       = {Ethan Li},
  title        = {Using Python Manim Library for Mathematical Animations},
  year         = 2024,
  url          = {https://github.com/ethan201not404/Math-Mentorship-2024/blob/main},
  urldate      = {2024-05-05}
}
